<?xml version = "1.0" encoding = "UTF-8"?><record>
  <leader>00713nam#a2200253#ca4500</leader>
  <controlfield tag="005">20210408181540.0</controlfield>
  <controlfield tag="007">fu#|||||||</controlfield>
  <controlfield tag="007">tu</controlfield>
  <controlfield tag="008">051110|########xx############|||#|#ger#c</controlfield>
  <controlfield tag="003">DE-605</controlfield>
  <controlfield tag="001">990141147480206441</controlfield>
  <datafield tag="016" ind1="7" ind2=" ">
    <subfield code="a">1069159611</subfield>
    <subfield code="2">OCoLC</subfield>
  </datafield>
  <datafield tag="035" ind1=" " ind2=" ">
    <subfield code="a">(DE-605)TT001210514</subfield>
  </datafield>
  <datafield tag="040" ind1=" " ind2=" ">
    <subfield code="a">107</subfield>
    <subfield code="b">ger</subfield>
    <subfield code="c">BSZ</subfield>
    <subfield code="d">107</subfield>
    <subfield code="e">rakwb</subfield>
  </datafield>
  <datafield tag="041" ind1=" " ind2=" ">
    <subfield code="a">ger</subfield>
    <subfield code="a">ger</subfield>
  </datafield>
  <datafield tag="044" ind1=" " ind2=" ">
    <subfield code="c">XA-DXDE</subfield>
  </datafield>
  <datafield tag="100" ind1="1" ind2=" ">
    <subfield code="a">Hitler, Adolf</subfield>
    <subfield code="d">1889-1945</subfield>
    <subfield code="0">(DE-588)118551655</subfield>
    <subfield code="4">aut</subfield>
    <subfield code="0">(uri) https://portal.dnb.de/opac.htm?method=simpleSearch&amp;cqlMode=true&amp;query=idn=118551655</subfield>
    <subfield code="0">(uri) http://viaf.org/viaf/sourceID/DNB|118551655</subfield>
    <subfield code="B">GND-118551655</subfield>
  </datafield>
  <datafield tag="245" ind1="1" ind2="0">
    <subfield code="a">Mein Kampf</subfield>
    <subfield code="c">von Adolf Hitler</subfield>
  </datafield>
  <datafield tag="264" ind1=" " ind2="1">
    <subfield code="a">Marburg/Lahn</subfield>
    <subfield code="b">Blindenhochschulb&#252;cherei</subfield>
  </datafield>
  <datafield tag="500" ind1=" " ind2=" ">
    <subfield code="a">Ausgabe in Blindenschrift</subfield>
    <subfield code="9">F:510</subfield>
  </datafield>
  <datafield tag="964" ind1="0" ind2="s">
    <subfield code="F">030</subfield>
    <subfield code="A">az1ucr|||||17</subfield>
  </datafield>
  <datafield tag="964" ind1="0" ind2="s">
    <subfield code="F">050</subfield>
    <subfield code="A">a|||a|||||||||</subfield>
  </datafield>
  <datafield tag="964" ind1="0" ind2="s">
    <subfield code="F">051</subfield>
    <subfield code="A">n|||||||</subfield>
  </datafield>
  <datafield tag="035" ind1=" " ind2=" ">
    <subfield code="a">(OCoLC)1069159611</subfield>
    <subfield code="0">(uri) http://www.worldcat.org/oclc/1069159611</subfield>
  </datafield>
  <datafield tag="MBD" ind1=" " ind2=" ">
    <subfield code="M">49HBZ_NETWORK</subfield>
    <subfield code="i">990141147480206441</subfield>
    <subfield code="n">HBZ Network</subfield>
  </datafield>
  <datafield tag="MNG" ind1=" " ind2=" ">
    <subfield code="c">System</subfield>
    <subfield code="f">ILS</subfield>
    <subfield code="i">marc21</subfield>
    <subfield code="k">01</subfield>
    <subfield code="e">false</subfield>
    <subfield code="d">2021-04-08 18:15:40 Europe/Berlin</subfield>
    <subfield code="g">014114748-HBZ01</subfield>
    <subfield code="j">60</subfield>
    <subfield code="a">import</subfield>
    <subfield code="b">2021-04-05 11:44:14 Europe/Berlin</subfield>
  </datafield>
  <datafield tag="GPN" ind1="1" ind2=" ">
    <subfield code="a">Hitler, Adolfo</subfield>
    <subfield code="d">1889-1945</subfield>
    <subfield code="A">GND</subfield>
    <subfield code="B">GND-118551655</subfield>
    <subfield code="C">400</subfield>
  </datafield>
  <datafield tag="GPN" ind1="1" ind2=" ">
    <subfield code="a">Hitler, Adolph</subfield>
    <subfield code="d">1889-1945</subfield>
    <subfield code="A">GND</subfield>
    <subfield code="B">GND-118551655</subfield>
    <subfield code="C">400</subfield>
  </datafield>
  <datafield tag="GPN" ind1="1" ind2=" ">
    <subfield code="a">Hitler, Adolphe</subfield>
    <subfield code="d">1889-1945</subfield>
    <subfield code="A">GND</subfield>
    <subfield code="B">GND-118551655</subfield>
    <subfield code="C">400</subfield>
  </datafield>
  <datafield tag="GPN" ind1="0" ind2=" ">
    <subfield code="a">Hitler</subfield>
    <subfield code="d">1889-1945</subfield>
    <subfield code="A">GND</subfield>
    <subfield code="B">GND-118551655</subfield>
    <subfield code="C">400</subfield>
  </datafield>
  <datafield tag="GPN" ind1="1" ind2=" ">
    <subfield code="a">Chitler, Adolf</subfield>
    <subfield code="d">1889-1945</subfield>
    <subfield code="A">GND</subfield>
    <subfield code="B">GND-118551655</subfield>
    <subfield code="C">400</subfield>
  </datafield>
  <datafield tag="GPN" ind1="1" ind2=" ">
    <subfield code="a">Chitler, Adolphu</subfield>
    <subfield code="d">1889-1945</subfield>
    <subfield code="A">GND</subfield>
    <subfield code="B">GND-118551655</subfield>
    <subfield code="C">400</subfield>
  </datafield>
  <datafield tag="GPN" ind1="1" ind2=" ">
    <subfield code="a">&#935;&#943;&#964;&#955;&#949;&#961;, &#913;&#948;&#972;&#955;&#966;&#959;&#962;</subfield>
    <subfield code="d">1889-1945</subfield>
    <subfield code="A">GND</subfield>
    <subfield code="B">GND-118551655</subfield>
    <subfield code="C">400</subfield>
  </datafield>
  <datafield tag="GPN" ind1="1" ind2=" ">
    <subfield code="a">&#1043;&#1080;&#1090;&#1083;&#1077;&#1088;, &#1040;&#1076;&#1086;&#1083;&#1100;&#1092;</subfield>
    <subfield code="d">1889-1945</subfield>
    <subfield code="A">GND</subfield>
    <subfield code="B">GND-118551655</subfield>
    <subfield code="C">400</subfield>
  </datafield>
  <datafield tag="GPN" ind1="1" ind2=" ">
    <subfield code="a">Gitler, Adol&apos;f</subfield>
    <subfield code="d">1889-1945</subfield>
    <subfield code="9">v:Sowj. Enz.</subfield>
    <subfield code="A">GND</subfield>
    <subfield code="B">GND-118551655</subfield>
    <subfield code="C">400</subfield>
  </datafield>
  <datafield tag="GPN" ind1="0" ind2=" ">
    <subfield code="a">Gitler</subfield>
    <subfield code="d">1889-1945</subfield>
    <subfield code="A">GND</subfield>
    <subfield code="B">GND-118551655</subfield>
    <subfield code="C">400</subfield>
  </datafield>
  <datafield tag="GPN" ind1="1" ind2=" ">
    <subfield code="a">Hitlar, Ad&#363;lf</subfield>
    <subfield code="d">1889-1945</subfield>
    <subfield code="A">GND</subfield>
    <subfield code="B">GND-118551655</subfield>
    <subfield code="C">400</subfield>
  </datafield>
  <datafield tag="GPN" ind1="1" ind2=" ">
    <subfield code="a">Hitlar, Adul&#772;f</subfield>
    <subfield code="d">1889-1945</subfield>
    <subfield code="A">GND</subfield>
    <subfield code="B">GND-118551655</subfield>
    <subfield code="C">400</subfield>
  </datafield>
  <datafield tag="GPN" ind1="0" ind2=" ">
    <subfield code="a">Hitlar</subfield>
    <subfield code="d">1889-1945</subfield>
    <subfield code="A">GND</subfield>
    <subfield code="B">GND-118551655</subfield>
    <subfield code="C">400</subfield>
  </datafield>
  <datafield tag="GPN" ind1="1" ind2=" ">
    <subfield code="a">Hitlers, &#256;dolfs</subfield>
    <subfield code="d">1889-1945</subfield>
    <subfield code="A">GND</subfield>
    <subfield code="B">GND-118551655</subfield>
    <subfield code="C">400</subfield>
  </datafield>
  <datafield tag="GPN" ind1="1" ind2=" ">
    <subfield code="a">Hitlers, Ad&#772;olfs</subfield>
    <subfield code="d">1889-1945</subfield>
    <subfield code="A">GND</subfield>
    <subfield code="B">GND-118551655</subfield>
    <subfield code="C">400</subfield>
  </datafield>
  <datafield tag="GPN" ind1="1" ind2=" ">
    <subfield code="a">Hitlers, Adolphs</subfield>
    <subfield code="d">1889-1945</subfield>
    <subfield code="A">GND</subfield>
    <subfield code="B">GND-118551655</subfield>
    <subfield code="C">400</subfield>
  </datafield>
  <datafield tag="GPN" ind1="1" ind2=" ">
    <subfield code="a">Hitlir, Ad&#363;lf</subfield>
    <subfield code="d">1889-1945</subfield>
    <subfield code="A">GND</subfield>
    <subfield code="B">GND-118551655</subfield>
    <subfield code="C">400</subfield>
  </datafield>
  <datafield tag="GPN" ind1="1" ind2=" ">
    <subfield code="a">Hitlir, &#256;d&#363;lf</subfield>
    <subfield code="d">1889-1945</subfield>
    <subfield code="A">GND</subfield>
    <subfield code="B">GND-118551655</subfield>
    <subfield code="C">400</subfield>
  </datafield>
  <datafield tag="GPN" ind1="1" ind2=" ">
    <subfield code="a">Hitor&#226;, Adorufu</subfield>
    <subfield code="d">1889-1945</subfield>
    <subfield code="A">GND</subfield>
    <subfield code="B">GND-118551655</subfield>
    <subfield code="C">400</subfield>
  </datafield>
  <datafield tag="GPN" ind1="1" ind2=" ">
    <subfield code="a">Hitora, Adorufu</subfield>
    <subfield code="d">1889-1945</subfield>
    <subfield code="A">GND</subfield>
    <subfield code="B">GND-118551655</subfield>
    <subfield code="C">400</subfield>
  </datafield>
  <datafield tag="GPN" ind1="0" ind2=" ">
    <subfield code="a">Schickelgruber</subfield>
    <subfield code="d">1889-1945</subfield>
    <subfield code="4">pseu</subfield>
    <subfield code="4">https://d-nb.info/standards/elementset/gnd#pseudonym</subfield>
    <subfield code="w">r</subfield>
    <subfield code="i">Pseudonym</subfield>
    <subfield code="e">Pseudonym</subfield>
    <subfield code="9">v:in DNB nicht in Verfasserangabe, nur in Werken &#252;ber ihn</subfield>
    <subfield code="A">GND</subfield>
    <subfield code="B">GND-118551655</subfield>
    <subfield code="C">400</subfield>
  </datafield>
  <datafield tag="GPN" ind1="1" ind2=" ">
    <subfield code="a">Xitler, Adolf</subfield>
    <subfield code="d">1889-1945</subfield>
    <subfield code="A">GND</subfield>
    <subfield code="B">GND-118551655</subfield>
    <subfield code="C">400</subfield>
  </datafield>
  <datafield tag="GSI" ind1="7" ind2=" ">
    <subfield code="a">118551655</subfield>
    <subfield code="0">http://d-nb.info/gnd/118551655</subfield>
    <subfield code="2">gnd</subfield>
    <subfield code="A">GND</subfield>
    <subfield code="B">GND-118551655</subfield>
    <subfield code="C">024</subfield>
  </datafield>
</record>